<record><leader>00000cas a22000007a 4500</leader><controlfield tag="001">17497517</controlfield><controlfield tag="008">880218d18891968lauwr ne      0    0eng d</controlfield><datafield ind1=" " ind2=" " tag="010"><subfield code="a">sn 88064098 </subfield></datafield><datafield ind1=" " ind2=" " tag="040"><subfield code="a">LNP</subfield><subfield code="b">eng</subfield><subfield code="c">LNP</subfield><subfield code="d">CNW</subfield><subfield code="d">OCLCQ</subfield><subfield code="d">OCLCF</subfield><subfield code="d">OCLCO</subfield></datafield><datafield ind1="1" ind2=" " tag="029"><subfield code="a">AU@</subfield><subfield code="b">000025823924</subfield></datafield><datafield ind1=" " ind2=" " tag="042"><subfield code="a">msc</subfield></datafield><datafield ind1=" " ind2=" " tag="043"><subfield code="a">n-us-la</subfield></datafield><datafield ind1="0" ind2="4" tag="245"><subfield code="a">The Lafourche comet.</subfield></datafield><datafield ind1=" " ind2=" " tag="260"><subfield code="a">Thibodaux, La. :</subfield><subfield code="b">Taylor &amp; Naquin</subfield></datafield><datafield ind1=" " ind2=" " tag="310"><subfield code="a">Weekly,</subfield><subfield code="b">Mar. 8, 1962-May 30, 1968</subfield></datafield><datafield ind1=" " ind2=" " tag="321"><subfield code="a">Weekly,</subfield><subfield code="b">Apr. 4, 1889-Oct. 27, 1960</subfield></datafield><datafield ind1=" " ind2=" " tag="321"><subfield code="a">Semiweekly,</subfield><subfield code="b">Nov. 1, 1960-Mar. 1, 1962</subfield></datafield><datafield ind1="0" ind2=" " tag="362"><subfield code="a">Vol. 1, no. 1 (Apr. 4, 1889)-v. 81, no. 10 (May 30, 1968).</subfield></datafield><datafield ind1=" " ind2=" " tag="500"><subfield code="a">Christmas issues, 1965-1966, published jointly with The Lafourche press-news as: The Lafourche press-news The Lafourche comet.</subfield></datafield><datafield ind1=" " ind2="0" tag="651"><subfield code="a">Thibodaux (La.)</subfield><subfield code="v">Newspapers.</subfield></datafield><datafield ind1=" " ind2="7" tag="655"><subfield code="a">Newspapers.</subfield><subfield code="2">fast</subfield><subfield code="0">(OCoLC)fst01423814</subfield></datafield><datafield ind1=" " ind2="7" tag="651"><subfield code="a">Louisiana</subfield><subfield code="z">Thibodaux.</subfield><subfield code="2">fast</subfield><subfield code="0">(OCoLC)fst01225065</subfield></datafield><datafield ind1=" " ind2=" " tag="752"><subfield code="a">United States</subfield><subfield code="b">Louisiana</subfield><subfield code="c">Lafourche</subfield><subfield code="d">Thibodaux.</subfield></datafield><datafield ind1="0" ind2="7" tag="785"><subfield code="t">Lafourche press-news</subfield><subfield code="w">(DLC)sn 88064097</subfield></datafield><datafield ind1="0" ind2="7" tag="785"><subfield code="t">Daily comet (Thibodaux, La.)</subfield><subfield code="w">(DLC)sn 88064099</subfield></datafield></record>